<record><leader>00000cas a22000007a 4500</leader><controlfield tag="001">50209294</controlfield><controlfield tag="008">020722c19939999iluwr ne      0    0eng d</controlfield><controlfield tag="009">11088</controlfield><datafield ind1=" " ind2=" " tag="010"><subfield code="a">sn2002061120</subfield></datafield><datafield ind1=" " ind2=" " tag="040"><subfield code="a">NVF</subfield><subfield code="b">eng</subfield><subfield code="c">NVF</subfield><subfield code="d">NVF</subfield></datafield><datafield ind1="1" ind2=" " tag="029"><subfield code="a">AU@</subfield><subfield code="b">000023777910</subfield></datafield><datafield ind1=" " ind2=" " tag="042"><subfield code="a">msc</subfield></datafield><datafield ind1=" " ind2=" " tag="043"><subfield code="a">n-us-il</subfield></datafield><datafield ind1="0" ind2=" " tag="130"><subfield code="a">Tri-county news (Elmwood, Ill. : Williamsfield times ed.)</subfield></datafield><datafield ind1="1" ind2="0" tag="245"><subfield code="a">Tri-county news.</subfield></datafield><datafield ind1="3" ind2=" " tag="246"><subfield code="a">Tri county news</subfield></datafield><datafield ind1=" " ind2=" " tag="250"><subfield code="a">[Williamsfield times ed.]</subfield></datafield><datafield ind1=" " ind2=" " tag="260"><subfield code="a">Elmwood, Ill. :</subfield><subfield code="b">DeEllda J. Swindler,</subfield><subfield code="c">1993-</subfield></datafield><datafield ind1=" " ind2=" " tag="300"><subfield code="a">v.</subfield></datafield><datafield ind1=" " ind2=" " tag="310"><subfield code="a">Weekly</subfield></datafield><datafield ind1="0" ind2=" " tag="362"><subfield code="a">Vol. 120, no. 1 (Jan. 7, 1993)-</subfield></datafield><datafield ind1=" " ind2=" " tag="580"><subfield code="a">Published simultaneously as: Tri-county news (Elmwood, Ill. : Yates City banner ed.), 1993-   , and: Tri-county news (Elmwood, Ill. : Elmwood gazette ed.), 1993-   , and: Tri-county news (Elmwood, Ill. : Princeville telephone ed.), 1993-   , and: Tri-county news (Elmwood, Ill. : Farmington bugle ed.), 1993-</subfield></datafield><datafield ind1=" " ind2="4" tag="651"><subfield code="a">Elmwood (Ill.)</subfield><subfield code="v">Newspapers.</subfield></datafield><datafield ind1=" " ind2="4" tag="651"><subfield code="a">Williamsfield (Ill.)</subfield><subfield code="v">Newspapers.</subfield></datafield><datafield ind1=" " ind2=" " tag="752"><subfield code="a">United States</subfield><subfield code="b">Illinois</subfield><subfield code="c">Peoria</subfield><subfield code="d">Elmwood.</subfield></datafield><datafield ind1="0" ind2="0" tag="780"><subfield code="t">Williamsfield times</subfield><subfield code="w">(DLC)sn 88086092</subfield><subfield code="w">(OCoLC)17560405</subfield></datafield><datafield ind1="1" ind2=" " tag="787"><subfield code="t">Tri-county news (Elmwood, Ill. : Yates City banner ed.)</subfield><subfield code="w">(DLC)sn 94060621</subfield><subfield code="w">(OCoLC)31634922</subfield></datafield><datafield ind1="1" ind2=" " tag="787"><subfield code="t">Tri-county news (Elmwood, Ill. : Elmwood gazette ed.)</subfield><subfield code="w">(DLC)sn 94060620</subfield><subfield code="w">(OCoLC)31634872</subfield></datafield><datafield ind1="1" ind2=" " tag="787"><subfield code="t">Tri-county news (Elmwood, Ill. : Princeville telephone ed.)</subfield><subfield code="w">(DLC)sn2003061933</subfield><subfield code="w">(OCoLC)53008938</subfield></datafield><datafield ind1="1" ind2=" " tag="787"><subfield code="t">Tri-county news (Elmwood, Ill. : Farmington bugle ed.)</subfield><subfield code="w">(DLC)sn2004061923</subfield><subfield code="w">(OCoLC)54832120</subfield></datafield></record>